@book{Prominski2017,
author = {Prominski, Martin and Stokman, Antje and Zeller, Susanne and Stimberg, Daniel and Voermane, Hinnerk},
edition = {2},
isbn = {978-3-0356-1186-1},
publisher = {Birkh{\"{a}}user},
title = {{River. Space. Design.}},
url = {https://www.academia.edu/2369330/River._Space._Design},
year = {2017}
}
@book{Petrasova2015,
author = {Petrasova, Anna and Harmon, Brendan and Petras, Vaclav and Mitasova, Helena},
title = {{Tangible Modeling with Open Source GIS}},
doi = {10.1007/978-3-319-25775-4},
isbn = {978-3-319-25775-4},
publisher = {Springer International Publishing},
url = {https://www.researchgate.net/publication/291973077_Tangible_Modeling_with_Open_Source_GIS},
year = {2015}
}
